<?xml version="1.0" encoding="UTF-8"?><record xmlns="http://www.loc.gov/MARC21/slim" xmlns:cinclude="http://apache.org/cocoon/include/1.0" xmlns:zs="http://www.loc.gov/zing/srw/">
  <leader>00373nz  a2200121n  4500</leader>
  <controlfield tag="001">n  96080373 </controlfield>
  <controlfield tag="003">DLC</controlfield>
  <controlfield tag="005">19960819095532.6</controlfield>
  <controlfield tag="008">960819n| acannaab|          |n aaa |||  </controlfield>
  <datafield tag="010" ind1=" " ind2=" ">
    <subfield code="a">n  96080373 </subfield>
  </datafield>
  <datafield tag="040" ind1=" " ind2=" ">
    <subfield code="a">DLC</subfield>
    <subfield code="c">DLC</subfield>
  </datafield>
  <datafield tag="100" ind1="1" ind2="0">
    <subfield code="a">Hofherr, Denise,</subfield>
    <subfield code="d">1968-</subfield>
  </datafield>
  <datafield tag="670" ind1=" " ind2=" ">
    <subfield code="a">There are many great things you can do in the snow, 1997:</subfield>
    <subfield code="b">CIP t.p. (Denise Hofherr) CIP data sheet (b. 04/02/68)</subfield>
  </datafield>
</record>